
@book{carroll71,
	author="Lewis Carroll",
	title="Through the Looking-Glass",
	year="1871",
	pages="339--354",
	publisher="Macmillan",
	address="London"
}

@book{dum52,
	author="Tweedle Dum and Tweedle Dee",
	title="How to Quarrel",
	year="1852",
	publisher="Tom Thumb Press",
	address="Forestland"
}

@article{queen41,
	author="Red Queen and March Hare and Mad Hatter",
	title="All the ways about here belong to me: Speed and coverage",
	journal="Annals of the Chessboard",
	year="1841",
	volume="16",
	number="4",
	pages="169--271",
	howpublished="DOI: 10.114/230523"
}


@incollection{knight50,
	author="White Knight and March Haigha and Mad Hatta",
	title="All the king's horses and all the king's men",
	booktitle="In the Shadow of the Lion and the Unicorn",
	editor="White Knight and White King",
	year="1850",
	pages="339--354",
	publisher="Seventh Rank Press",
	address="Brookton"
}

@article{humpty63,
	author="Eggman Humpty-Dumpty",
	title="How to use words in such a way as to mean exactly what you choose",
	journal="Looking Glass Linguistics",
	year="1863",
	volume="8",
	pages="586--624"
}
